@article{tokodai-xyz2015,
    author = {Taro Tokodai},
    title = {How to Write a Good Thesis},
    journal = {Journal of XYZ},
    volume = 3,
    number = 4,
    pages = {15--34},
    year = 2015
}
